<collection xmlns="http://www.loc.gov/MARC21/slim">
<record>
  <leader>02154nam0a22003611i 450 </leader>
  <controlfield tag="001">IT\ICCU\CNCE\047264</controlfield>
  <controlfield tag="005">20080117000000.0</controlfield>
  <datafield tag="012" ind1=" " ind2=" ">
    <subfield code="a">ocau pole t.t. case (C) 1512 (Q)</subfield>
    <subfield code="2">fei</subfield>
  </datafield>
  <datafield tag="100" ind1=" " ind2=" ">
    <subfield code="a">19990216f1512        0itac0103    ba</subfield>
  </datafield>
  <datafield tag="101" ind1=" " ind2=" ">
    <subfield code="a">LAT</subfield>
  </datafield>
  <datafield tag="102" ind1=" " ind2=" ">
    <subfield code="a">IT</subfield>
  </datafield>
  <datafield tag="200" ind1="1" ind2=" ">
    <subfield code="a">Habes candidissime lector in hoc opere quae posteriores grammatici a Varrone in hodiernum vsque diem vel ignorarunt vel per incuriam omiserunt in rebus grammaticae non vulgaribus contemplationem methodices referentia. Et si qua sunt in illis dispersa velabstrusa diminutaque in melius reformata videntur unde titulus. De litteratura non vulgari.  Ad Cur. Lancilottum Pasium Laureatum Ferrariensem operis autorem clarissimi poetae Pamphili Saffi Mutinensis. ... Ex thermis Aquarianis. 7. Augusti. 1504</subfield>
  </datafield>
  <datafield tag="210" ind1=" " ind2=" ">
    <subfield code="d">\1512!</subfield>
  </datafield>
  <datafield tag="215" ind1=" " ind2=" ">
    <subfield code="a">\162! c.</subfield>
    <subfield code="d">fol</subfield>
  </datafield>
  <datafield tag="300" ind1=" " ind2=" ">
    <subfield code="a">Stampata a Reggio Emilia da Girolamo Ruggeri; per il tipografo e la data cfr.: The National union catalog pre-1956 imprints, v. 444, p. 66</subfield>
  </datafield>
  <datafield tag="620" ind1=" " ind2=" ">
    <subfield code="a">IT</subfield>
    <subfield code="d">Reggio Emilia</subfield>
  </datafield>
  <datafield tag="700" ind1=" " ind2="1">
    <subfield code="a">Pasi,</subfield>
    <subfield code="b">Curio Lancellotto</subfield>
    <subfield code="3">IT\ICCU\CNCA\010020</subfield>
  </datafield>
  <datafield tag="702" ind1=" " ind2="1">
    <subfield code="a">Sassi,</subfield>
    <subfield code="b">Panfilo</subfield>
    <subfield code="3">IT\ICCU\CNCA\005680</subfield>
  </datafield>
  <datafield tag="712" ind1="0" ind2="0">
    <subfield code="a">Ruggeri, Girolamo</subfield>
    <subfield code="3">IT\ICCU\CNCT\000203</subfield>
    <subfield code="4">650</subfield>
  </datafield>
  <datafield tag="790" ind1=" " ind2="1">
    <subfield code="a">Pasius,</subfield>
    <subfield code="b">Curius Lancilottus</subfield>
    <subfield code="3">IT\ICCU\CNCA\021666</subfield>
    <subfield code="z">Pasi, Curio Lancellotto</subfield>
  </datafield>
  <datafield tag="790" ind1=" " ind2="1">
    <subfield code="a">Sasso,</subfield>
    <subfield code="b">Panfilo</subfield>
    <subfield code="3">IT\ICCU\CNCA\016987</subfield>
    <subfield code="z">Sassi, Panfilo</subfield>
  </datafield>
  <datafield tag="790" ind1=" " ind2="1">
    <subfield code="a">Saxus,</subfield>
    <subfield code="b">Pamphilus</subfield>
    <subfield code="3">IT\ICCU\CNCA\023864</subfield>
    <subfield code="z">Sassi, Panfilo</subfield>
  </datafield>
  <datafield tag="791" ind1="0" ind2="0">
    <subfield code="a">Rugerius, Hieronymus</subfield>
    <subfield code="3">IT\ICCU\CNCT\004077</subfield>
    <subfield code="z">Ruggeri, Girolamo</subfield>
  </datafield>
  <datafield tag="791" ind1="0" ind2="0">
    <subfield code="a">Rugerus, Hieronymus</subfield>
    <subfield code="3">IT\ICCU\CNCT\005470</subfield>
    <subfield code="z">Ruggeri, Girolamo</subfield>
  </datafield>
  <datafield tag="791" ind1="0" ind2="0">
    <subfield code="a">Rugerii, Hieronymo</subfield>
    <subfield code="3">IT\ICCU\CNCT\005472</subfield>
    <subfield code="z">Ruggeri, Girolamo</subfield>
  </datafield>
  <datafield tag="801" ind1=" " ind2="3">
    <subfield code="a">IT</subfield>
    <subfield code="b">ICCU</subfield>
    <subfield code="c">20201115</subfield>
  </datafield>
  <datafield tag="899" ind1=" " ind2=" ">
    <subfield code="a"></subfield>
    <subfield code="1">BS0156</subfield>
    <subfield code="2">ZBS 07</subfield>
  </datafield>
  <datafield tag="899" ind1=" " ind2=" ">
    <subfield code="a">Biblioteca Medicea Laurenziana. Firenze</subfield>
    <subfield code="z">MUTILO</subfield>
    <subfield code="1">FI0100</subfield>
    <subfield code="2">CFI ML</subfield>
  </datafield>
  <datafield tag="899" ind1=" " ind2=" ">
    <subfield code="a">Biblioteca regionale universitaria. Messina</subfield>
    <subfield code="1">ME0050</subfield>
    <subfield code="2">PAL BM</subfield>
  </datafield>
  <datafield tag="899" ind1=" " ind2=" ">
    <subfield code="a">Biblioteca  Panizzi. Reggio Emilia</subfield>
    <subfield code="1">RE0052</subfield>
    <subfield code="2">RE2 PA</subfield>
  </datafield>
  <datafield tag="899" ind1=" " ind2=" ">
    <subfield code="a">Biblioteca nazionale centrale. Roma</subfield>
    <subfield code="1">RM0267</subfield>
    <subfield code="2">BVE CR</subfield>
  </datafield>
  <datafield tag="899" ind1=" " ind2=" ">
    <subfield code="a">Biblioteca universitaria Alessandrina. Roma</subfield>
    <subfield code="1">RM0280</subfield>
    <subfield code="2">RML 01</subfield>
  </datafield>
  <datafield tag="899" ind1=" " ind2=" ">
    <subfield code="a">Biblioteca Angelica. Roma</subfield>
    <subfield code="1">RM0290</subfield>
    <subfield code="2">RML 06</subfield>
  </datafield>
</record>
</collection>
